<?xml version="1.0" encoding="UTF-8"?><collection xmlns="http://www.loc.gov/MARC21/slim"><record><leader>00573nam--2200181-i-4500</leader><controlfield tag="001">000016388</controlfield><controlfield tag="002">20161230</controlfield><controlfield tag="005">20161230201031</controlfield><controlfield tag="008">060222s1000------------r-----000-0-fre-d</controlfield><datafield ind1=" " ind2=" " tag="040"><subfield code="a">IFIN-HH</subfield></datafield><datafield ind1=" " ind2=" " tag="041"><subfield code="a">fre</subfield></datafield><datafield ind1=" " ind2=" " tag="080"><subfield code="a">533.9:621.375.826(043)</subfield></datafield><datafield ind1="1" ind2=" " tag="100"><subfield code="a">Dhez, Pierre</subfield></datafield><datafield ind1="1" ind2="0" tag="245"><subfield code="a">Production et detection du rayonnement du domaine de holweck. application a la spectroscopie d'un plasma - laser et a la photoionisation du bismuth</subfield><subfield code="b">These</subfield><subfield code="c">Pierre dhez</subfield></datafield><datafield ind1=" " ind2=" " tag="260"><subfield code="a">Orsay</subfield><subfield code="b">Universite</subfield><subfield code="c">1971</subfield></datafield><datafield ind1=" " ind2=" " tag="490"><subfield code="a">129p</subfield></datafield><datafield ind1=" " ind2=" " tag="852"><subfield code="a">78170</subfield><subfield code="c">533.9</subfield></datafield><datafield ind1=" " ind2=" " tag="CAT"><subfield code="a">Sys</subfield><subfield code="c">20110119</subfield><subfield code="h">111640</subfield></datafield></record></collection>